@misc{lfw_dataset,
  author = "{LFW dataset}",
  title = "This dataset contains labeled face images collected from the web with names of the people in the images as the labels",
  year = "2025",
  url = "https://www.kaggle.com/datasets/jessicali9530/lfw-dataset",
  note = "[Online; accessed 18-May-2025]"
}

@inproceedings{arcface,
  title={Arcface: Additive angular margin loss for deep face recognition},
  author={Deng, Jiankang and Guo, Jia and Xue, Niannan and Zafeiriou, Stefanos},
  booktitle={Proceedings of the IEEE/CVF conference on computer vision and pattern recognition},
  pages={4690--4699},
  year={2019}
}

@misc{wiki:geodesic,
  author = "{Wikipedia}",
  title = "Geodesic --- {Wikipedia}, The Free Encyclopedia",
  year = "2025",
  url = "https://en.wikipedia.org/wiki/Geodesic",
  note = "[Online; accessed 18-May-2025]"
}



@article{deepface,
  title     = {A Benchmark of Facial Recognition Pipelines and Co-Usability Performances of Modules},
  author    = {Serengil, Sefik and Ozpinar, Alper},
  journal   = {Journal of Information Technologies},
  volume    = {17},
  number    = {2},
  pages     = {95-107},
  year      = {2024},
  doi       = {10.17671/gazibtd.1399077},
  url       = {https://dergipark.org.tr/en/pub/gazibtd/issue/84331/1399077},
  publisher = {Gazi University}
}

@article{sface,
  title={SFace: Sigmoid-constrained hypersphere loss for robust face recognition},
  author={Zhong, Yaoyao and Deng, Weihong and Hu, Jiani and Zhao, Dongyue and Li, Xian and Wen, Dongchao},
  journal={IEEE Transactions on Image Processing},
  volume={30},
  pages={2587--2598},
  year={2021},
  publisher={IEEE}
}

@inproceedings{liu2017sphereface,
  title={Sphereface: Deep hypersphere embedding for face recognition},
  author={Liu, Weiyang and Wen, Yandong and Yu, Zhiding and Li, Ming and Raj, Bhiksha and Song, Le},
  booktitle={Proceedings of the IEEE conference on computer vision and pattern recognition},
  pages={212--220},
  year={2017}
}

@inproceedings{wang2018cosface,
  title={Cosface: Large margin cosine loss for deep face recognition},
  author={Wang, Hao and Wang, Yitong and Zhou, Zheng and Ji, Xing and Gong, Dihong and Zhou, Jingchao and Li, Zhifeng and Liu, Wei},
  booktitle={Proceedings of the IEEE conference on computer vision and pattern recognition},
  pages={5265--5274},
  year={2018}
}

@article{wang2018additive,
  title={Additive margin softmax for face verification},
  author={Wang, Feng and Cheng, Jian and Liu, Weiyang and Liu, Haijun},
  journal={IEEE Signal Processing Letters},
  volume={25},
  number={7},
  pages={926--930},
  year={2018},
  publisher={IEEE}
}

@article{liu2016large,
  title={Large-margin softmax loss for convolutional neural networks},
  author={Liu, Weiyang and Wen, Yandong and Yu, Zhiding and Yang, Meng},
  journal={arXiv preprint arXiv:1612.02295},
  year={2016}
}

@inproceedings{lu2015gaussface,
  title={Surpassing human-level face verification performance on LFW with GaussianFace},
  author={Lu, Chaochao and Tang, Xiaoou},
  booktitle={Proceedings of the AAAI conference on artificial intelligence},
  volume={29},
  number={1},
  year={2015}
}

@article{scikit-learn,
  title={Scikit-learn: Machine Learning in {P}ython},
  author={Pedregosa, F. and Varoquaux, G. and Gramfort, A. and Michel, V. and Thirion, B. and Grisel, O. and Blondel, M. and Prettenhofer, P. and Weiss, R. and Dubourg, V. and Vanderplas, J. and Passos, A. and Cournapeau, D. and Brucher, M. and Perrot, M. and Duchesnay, E.},
  journal={Journal of Machine Learning Research},
  volume={12},
  pages={2825--2830},
  year={2011}
}
